<record><leader>00000cas a22000007a 4500</leader><controlfield tag="001">20546269</controlfield><controlfield tag="008">891025c18929999mouwr ne      0    0eng d</controlfield><datafield ind1=" " ind2=" " tag="010"><subfield code="a">sn 89067383 </subfield></datafield><datafield ind1=" " ind2=" " tag="040"><subfield code="a">MQN</subfield><subfield code="b">eng</subfield><subfield code="c">MQN</subfield><subfield code="d">OCLCQ</subfield></datafield><datafield ind1=" " ind2=" " tag="042"><subfield code="a">msc</subfield></datafield><datafield ind1="0" ind2="4" tag="245"><subfield code="a">The Fairfax forum.</subfield></datafield><datafield ind1=" " ind2=" " tag="260"><subfield code="a">Fairfax, Atchison Co., Mo. :</subfield><subfield code="b">W.H. Hambaugh</subfield></datafield><datafield ind1=" " ind2=" " tag="300"><subfield code="a">v.</subfield></datafield><datafield ind1=" " ind2=" " tag="310"><subfield code="a">Weekly</subfield></datafield><datafield ind1="1" ind2=" " tag="362"><subfield code="a">Began in 1892?</subfield></datafield><datafield ind1=" " ind2=" " tag="588"><subfield code="a">Description based on: Vol. 9, no. 37 (Aug. 9, 1901).</subfield></datafield><datafield ind1=" " ind2="4" tag="651"><subfield code="a">Fairfax (Mo.)</subfield><subfield code="v">Newspapers.</subfield></datafield><datafield ind1=" " ind2=" " tag="752"><subfield code="a">United States</subfield><subfield code="b">Missouri</subfield><subfield code="c">Atchison</subfield><subfield code="d">Fairfax.</subfield></datafield></record>